@article{rogers1994intelligibility,
	title={Intelligibility training for foreign-accented speech: A preliminary study},
	author={Rogers, Catherine L and Dalby, Jonathan M and DeVane, Gladys},
	journal={The Journal of the Acoustical Society of America},
	volume={96},
	number={5},
	pages={3348--3348},
	year={1994},
	publisher={Acoustical Society of America}
}

@article{anderson1995evaluation,
	title={Evaluation of speech recognizers for speech training applications},
	author={Anderson, Sven and Kewley-Port, Diane},
	journal={IEEE Transactions on speech and audio processing},
	volume={3},
	number={4},
	pages={229--241},
	year={1995},
	publisher={IEEE}
}

@inproceedings{ehsani1997subarashii,
	title={Subarashii: Japanese interactive spoken language education},
	author={Ehsani, Farzad and Bernstein, Jared and Najmi, Amir and Todic, Ognjen},
	booktitle={Fifth European Conference on Speech Communication and Technology},
	year={1997}
}

@inproceedings{thelen1997speaker,
	title={Speaker adaptation in the philips system for large vocabulary continuous speech recognition},
	author={Thelen, Eric and Aubert, Xavier and Beyerlein, Peter},
	booktitle={1997 IEEE International Conference on Acoustics, Speech, and Signal Processing},
	volume={2},
	pages={1035--1038},
	year={1997},
	organization={IEEE}
}

@article{hamada1993automatic,
	title={Automatic evaluation of English pronunciation based on speech recognition techniques},
	author={Hamada, Hiroshi and Miki, Satoshi and Nakatsu, Ryohei},
	journal={IEICE TRANSACTIONS on Information and Systems},
	volume={76},
	number={3},
	pages={352--359},
	year={1993},
	publisher={The Institute of Electronics, Information and Communication Engineers}
}

@inproceedings{neumeyer1996automatic,
	title={Automatic text-independent pronunciation scoring of foreign language student speech},
	author={Neumeyer, Leonardo and Franco, Horacio and Weintraub, Mitchel and Price, Patti},
	booktitle={Proceeding of Fourth International Conference on Spoken Language Processing. ICSLP'96},
	volume={3},
	pages={1457--1460},
	year={1996},
	organization={IEEE}
}

@inproceedings{franco1997automatic,
	title={Automatic pronunciation scoring for language instruction},
	author={Franco, Horacio and Neumeyer, Leonardo and Kim, Yoon and Ronen, Orith},
	booktitle={1997 IEEE international conference on acoustics, speech, and signal processing},
	volume={2},
	pages={1471--1474},
	year={1997},
	organization={IEEE}
}

@online{wiki:Maximum_a_posteriori_estimation,
	author = "Wikipedia",
	title = "{Maximum a posteriori estimation} --- {W}ikipedia{,} The Free Encyclopedia",
	year = "2021",
	medium={Электронный ресурс},
	url = {https://en.wikipedia.org/wiki/Maximum_a_posteriori_estimation},
	urldate = {03.05.2021},
	language = {russian}
}

@inproceedings{kim1997automatic,
	title={Automatic pronunciation scoring of specific phone segments for language instruction},
	author={Kim, Yoon and Franco, Horacio and Neumeyer, Leonardo},
	booktitle={Fifth European Conference on Speech Communication and Technology},
	year={1997}
}

@online{wiki:Nyquist-Shannon_sampling_theorem,
	author = "Wikipedia",
	title = "{Nyquist--Shannon sampling theorem} --- {W}ikipedia{,} The Free Encyclopedia",
	year = "2021",
	medium={Электронный ресурс},
	url = {https://en.wikipedia.org/wiki/Nyquist–Shannon_sampling_theorem},
	urldate = {03.05.2021},
	language = {russian}
}

@online{web:music_and_computers_sampling,
	author = "musicandcomputersbook.com",
	title = "{The Digital Representation of Sound, Part Two: Playing by the Numbers} --- Music and computers",
	year = "2021",
	medium={Электронный ресурс},
	url = {http://musicandcomputersbook.com/chapter2/02_03.php},
	urldate = {03.05.2021},
	language = {russian}
}

@incollection{ganchev2011contemporary,
	title={Contemporary methods for speech parameterization},
	author={Ganchev, Todor},
	booktitle={Contemporary Methods for Speech Parameterization},
	pages={1--106},
	year={2011},
	publisher={Springer}
}

@article{rabiner1993fundamentals,
	title={Fundamentals of speech recognition},
	author={Rabiner, Lawrence},
	journal={Fundamentals of speech recognition},
	year={1993},
	publisher={PTR Prentice Hall}
}

@article{dempster1977maximum,
	title={Maximum likelihood from incomplete data via the EM algorithm},
	author={Dempster, Arthur P and Laird, Nan M and Rubin, Donald B},
	journal={Journal of the Royal Statistical Society: Series B (Methodological)},
	volume={39},
	number={1},
	pages={1--22},
	year={1977},
	publisher={Wiley Online Library}
}

@inproceedings{graves2014towards,
	title={Towards end-to-end speech recognition with recurrent neural networks},
	author={Graves, Alex and Jaitly, Navdeep},
	booktitle={International conference on machine learning},
	pages={1764--1772},
	year={2014},
	organization={PMLR}
}

@inproceedings{harrison2009implementation,
	title={Implementation of an extended recognition network for mispronunciation detection and diagnosis in computer-assisted pronunciation training},
	author={Harrison, Alissa M and Lo, Wai-Kit and Qian, Xiao-jun and Meng, Helen},
	booktitle={International Workshop on Speech and Language Technology in Education},
	year={2009}
}

@article{li2016mispronunciation,
	title={Mispronunciation detection and diagnosis in l2 english speech using multidistribution deep neural networks},
	author={Li, Kun and Qian, Xiaojun and Meng, Helen},
	journal={IEEE/ACM Transactions on Audio, Speech, and Language Processing},
	volume={25},
	number={1},
	pages={193--207},
	year={2016},
	publisher={IEEE}
}

@inproceedings{graves2006connectionist,
	title={Connectionist temporal classification: labelling unsegmented sequence data with recurrent neural networks},
	author={Graves, Alex and Fern{\'a}ndez, Santiago and Gomez, Faustino and Schmidhuber, J{\"u}rgen},
	booktitle={Proceedings of the 23rd international conference on Machine learning},
	pages={369--376},
	year={2006}
}

@article{audhkhasi2017direct,
	title={Direct acoustics-to-word models for english conversational speech recognition},
	author={Audhkhasi, Kartik and Ramabhadran, Bhuvana and Saon, George and Picheny, Michael and Nahamoo, David},
	journal={arXiv preprint arXiv:1703.07754},
	year={2017}
}

@inproceedings{abdel2012applying,
	title={Applying convolutional neural networks concepts to hybrid NN-HMM model for speech recognition},
	author={Abdel-Hamid, Ossama and Mohamed, Abdel-rahman and Jiang, Hui and Penn, Gerald},
	booktitle={2012 IEEE international conference on Acoustics, speech and signal processing (ICASSP)},
	pages={4277--4280},
	year={2012},
	organization={IEEE}
}

@techreport{palaz2015analysis,
	title={Analysis of cnn-based speech recognition system using raw speech as input},
	author={Palaz, Dimitri and Collobert, Ronan and others},
	year={2015},
	institution={Idiap}
}

@inproceedings{graves2013hybrid,
	title={Hybrid speech recognition with deep bidirectional LSTM},
	author={Graves, Alex and Jaitly, Navdeep and Mohamed, Abdel-rahman},
	booktitle={2013 IEEE workshop on automatic speech recognition and understanding},
	pages={273--278},
	year={2013},
	organization={IEEE}
}

@online{wiki:Beam_search,
	author = "Wikipedia",
	title = "{Beam search} --- {W}ikipedia{,} The Free Encyclopedia",
	year = "2021",
	medium={Электронный ресурс},
	url = {https://en.wikipedia.org/wiki/Beam_search},
	urldate = {03.05.2021},
	language = {russian}
}

@article{watanabe2017hybrid,
	title={Hybrid CTC/attention architecture for end-to-end speech recognition},
	author={Watanabe, Shinji and Hori, Takaaki and Kim, Suyoun and Hershey, John R and Hayashi, Tomoki},
	journal={IEEE Journal of Selected Topics in Signal Processing},
	volume={11},
	number={8},
	pages={1240--1253},
	year={2017},
	publisher={IEEE}
}

@article{yan2020end,
	title={An End-to-End Mispronunciation Detection System for L2 English Speech Leveraging Novel Anti-Phone Modeling},
	author={Yan, Bi-Cheng and Wu, Meng-Che and Hung, Hsiao-Tsung and Chen, Berlin},
	journal={arXiv preprint arXiv:2005.11950},
	year={2020}
}

@article{zhao2018l2,
	title={L2-ARCTIC: A non-native English speech corpus},
	author={Zhao, Guanlong and Sonsaat, Sinem and Silpachai, Alif O and Lucic, Ivana and Chukharev-Hudilainen, Evgeny and Levis, John and Gutierrez-Osuna, Ricardo},
	journal={Perception Sensing Instrumentation Lab},
	year={2018}
}

@article{garofolo1993darpa,
	title={DARPA TIMIT acoustic-phonetic continous speech corpus CD-ROM. NIST speech disc 1-1.1},
	author={Garofolo, John S and Lamel, Lori F and Fisher, William M and Fiscus, Jonathan G and Pallett, David S},
	journal={NASA STI/Recon technical report n},
	volume={93},
	pages={27403},
	year={1993}
}

@inproceedings{berndt1994using,
	title={Using dynamic time warping to find patterns in time series.},
	author={Berndt, Donald J and Clifford, James},
	booktitle={KDD workshop},
	volume={10},
	number={16},
	pages={359--370},
	year={1994},
	organization={Seattle, WA, USA:}
}

@article{hochreiter1997long,
	title={Long short-term memory},
	author={Hochreiter, Sepp and Schmidhuber, J{\"u}rgen},
	journal={Neural computation},
	volume={9},
	number={8},
	pages={1735--1780},
	year={1997},
	publisher={MIT Press}
}

@article{huang2015bidirectional,
	title={Bidirectional LSTM-CRF models for sequence tagging},
	author={Huang, Zhiheng and Xu, Wei and Yu, Kai},
	journal={arXiv preprint arXiv:1508.01991},
	year={2015}
}

@inproceedings{graves2013speech,
	title={Speech recognition with deep recurrent neural networks},
	author={Graves, Alex and Mohamed, Abdel-rahman and Hinton, Geoffrey},
	booktitle={2013 IEEE international conference on acoustics, speech and signal processing},
	pages={6645--6649},
	year={2013},
	organization={Ieee}
}

@book{taylor2009text,
	title={Text-to-speech synthesis},
	author={Taylor, Paul},
	year={2009},
	publisher={Cambridge university press}
}

@inproceedings{hunt1996unit,
	title={Unit selection in a concatenative speech synthesis system using a large speech database},
	author={Hunt, Andrew J and Black, Alan W},
	booktitle={1996 IEEE International Conference on Acoustics, Speech, and Signal Processing Conference Proceedings},
	volume={1},
	pages={373--376},
	year={1996},
	organization={IEEE}
}

@inproceedings{tokuda2000speech,
	title={Speech parameter generation algorithms for HMM-based speech synthesis},
	author={Tokuda, Keiichi and Yoshimura, Takayoshi and Masuko, Takashi and Kobayashi, Takao and Kitamura, Tadashi},
	booktitle={2000 IEEE International Conference on Acoustics, Speech, and Signal Processing. Proceedings (Cat. No. 00CH37100)},
	volume={3},
	pages={1315--1318},
	year={2000},
	organization={IEEE}
}

@article{oord2016wavenet,
	title={Wavenet: A generative model for raw audio},
	author={Oord, Aaron van den and Dieleman, Sander and Zen, Heiga and Simonyan, Karen and Vinyals, Oriol and Graves, Alex and Kalchbrenner, Nal and Senior, Andrew and Kavukcuoglu, Koray},
	journal={arXiv preprint arXiv:1609.03499},
	year={2016}
}

@inproceedings{shen2018natural,
	title={Natural tts synthesis by conditioning wavenet on mel spectrogram predictions},
	author={Shen, Jonathan and Pang, Ruoming and Weiss, Ron J and Schuster, Mike and Jaitly, Navdeep and Yang, Zongheng and Chen, Zhifeng and Zhang, Yu and Wang, Yuxuan and Skerrv-Ryan, Rj and others},
	booktitle={2018 IEEE International Conference on Acoustics, Speech and Signal Processing (ICASSP)},
	pages={4779--4783},
	year={2018},
	organization={IEEE}
}

@inproceedings{van2016pixel,
	title={Pixel recurrent neural networks},
	author={Van Oord, Aaron and Kalchbrenner, Nal and Kavukcuoglu, Koray},
	booktitle={International Conference on Machine Learning},
	pages={1747--1756},
	year={2016},
	organization={PMLR}
}

@article{oord2016conditional,
	title={Conditional image generation with pixelcnn decoders},
	author={Oord, Aaron van den and Kalchbrenner, Nal and Vinyals, Oriol and Espeholt, Lasse and Graves, Alex and Kavukcuoglu, Koray},
	journal={arXiv preprint arXiv:1606.05328},
	year={2016}
}

@article{chorowski2015attention,
	title={Attention-based models for speech recognition},
	author={Chorowski, Jan and Bahdanau, Dzmitry and Serdyuk, Dmitriy and Cho, Kyunghyun and Bengio, Yoshua},
	journal={arXiv preprint arXiv:1506.07503},
	year={2015}
}

@article{salimans2017pixelcnn++,
	title={Pixelcnn++: Improving the pixelcnn with discretized logistic mixture likelihood and other modifications},
	author={Salimans, Tim and Karpathy, Andrej and Chen, Xi and Kingma, Diederik P},
	journal={arXiv preprint arXiv:1701.05517},
	year={2017}
}

@inproceedings{oord2018parallel,
	title={Parallel wavenet: Fast high-fidelity speech synthesis},
	author={Oord, Aaron and Li, Yazhe and Babuschkin, Igor and Simonyan, Karen and Vinyals, Oriol and Kavukcuoglu, Koray and Driessche, George and Lockhart, Edward and Cobo, Luis and Stimberg, Florian and others},
	booktitle={International conference on machine learning},
	pages={3918--3926},
	year={2018},
	organization={PMLR}
}

@article{bengio1994learning,
	title={Learning long-term dependencies with gradient descent is difficult},
	author={Bengio, Yoshua and Simard, Patrice and Frasconi, Paolo},
	journal={IEEE transactions on neural networks},
	volume={5},
	number={2},
	pages={157--166},
	year={1994},
	publisher={IEEE}
}

@inproceedings{martens2010deep,
	title={Deep learning via hessian-free optimization.},
	author={Martens, James},
	booktitle={ICML},
	volume={27},
	pages={735--742},
	year={2010}
}

@inproceedings{sutskever2011generating,
	title={Generating text with recurrent neural networks},
	author={Sutskever, Ilya and Martens, James and Hinton, Geoffrey E},
	booktitle={ICML},
	year={2011}
}

@article{wen2015semantically,
	title={Semantically conditioned lstm-based natural language generation for spoken dialogue systems},
	author={Wen, Tsung-Hsien and Gasic, Milica and Mrksic, Nikola and Su, Pei-Hao and Vandyke, David and Young, Steve},
	journal={arXiv preprint arXiv:1508.01745},
	year={2015}
}

@inproceedings{zhang2017adversarial,
	title={Adversarial feature matching for text generation},
	author={Zhang, Yizhe and Gan, Zhe and Fan, Kai and Chen, Zhi and Henao, Ricardo and Shen, Dinghan and Carin, Lawrence},
	booktitle={International Conference on Machine Learning},
	pages={4006--4015},
	year={2017},
	organization={PMLR}
}

@article{zhang2015sensitivity,
	title={A sensitivity analysis of (and practitioners' guide to) convolutional neural networks for sentence classification},
	author={Zhang, Ye and Wallace, Byron},
	journal={arXiv preprint arXiv:1510.03820},
	year={2015}
}

@article{mikolov2013distributed,
	title={Distributed representations of words and phrases and their compositionality},
	author={Mikolov, Tomas and Sutskever, Ilya and Chen, Kai and Corrado, Greg and Dean, Jeffrey},
	journal={arXiv preprint arXiv:1310.4546},
	year={2013}
}

@inproceedings{pennington2014glove,
	title={Glove: Global vectors for word representation},
	author={Pennington, Jeffrey and Socher, Richard and Manning, Christopher D},
	booktitle={Proceedings of the 2014 conference on empirical methods in natural language processing (EMNLP)},
	pages={1532--1543},
	year={2014}
}

@article{manevitz2001one,
	title={One-class SVMs for document classification},
	author={Manevitz, Larry M and Yousef, Malik},
	journal={Journal of machine Learning research},
	volume={2},
	number={Dec},
	pages={139--154},
	year={2001}
}

@article{magerman1995statistical,
	title={Statistical decision-tree models for parsing},
	author={Magerman, David M},
	journal={arXiv preprint cmp-lg/9504030},
	year={1995}
}

@inproceedings{ho1995random,
	title={Random decision forests},
	author={Ho, Tin Kam},
	booktitle={Proceedings of 3rd international conference on document analysis and recognition},
	volume={1},
	pages={278--282},
	year={1995},
	organization={IEEE}
}

@article{yogatama2017generative,
	title={Generative and discriminative text classification with recurrent neural networks},
	author={Yogatama, Dani and Dyer, Chris and Ling, Wang and Blunsom, Phil},
	journal={arXiv preprint arXiv:1703.01898},
	year={2017}
}

@article{jaderberg2016reading,
	title={Reading text in the wild with convolutional neural networks},
	author={Jaderberg, Max and Simonyan, Karen and Vedaldi, Andrea and Zisserman, Andrew},
	journal={International journal of computer vision},
	volume={116},
	number={1},
	pages={1--20},
	year={2016},
	publisher={Springer}
}

@article{kowsari2019text,
	title={Text classification algorithms: A survey},
	author={Kowsari, Kamran and Jafari Meimandi, Kiana and Heidarysafa, Mojtaba and Mendu, Sanjana and Barnes, Laura and Brown, Donald},
	journal={Information},
	volume={10},
	number={4},
	pages={150},
	year={2019},
	publisher={Multidisciplinary Digital Publishing Institute}
}

@ARTICLE{nlp-trends,  author={T. {Young} and D. {Hazarika} and S. {Poria} and E. {Cambria}},  journal={IEEE Computational Intelligence Magazine},   title={Recent Trends in Deep Learning Based Natural Language Processing [Review Article]},   year={2018},  volume={13},  number={3}, 
	pages={55-75},
}

@INPROCEEDINGS
{gan-voice-synthesis,  author={Y. {Hono} and K. {Hashimoto} and K. {Oura} and Y. {Nankaku} and K. {Tokuda}},  booktitle={ICASSP 2019 - 2019 IEEE International Conference on Acoustics, Speech and Signal Processing (ICASSP)},   title={Singing Voice Synthesis Based on Generative Adversarial Networks},   year={2019},  volume={},  number={},
	 pages={6955-6959},
 }

@INPROCEEDINGS{cnn-imagenet,
	title={Imagenet classification with deep convolutional neural networks},
	author={Krizhevsky, Alex and Sutskever, Ilya and Hinton, Geoffrey E},
	booktitle={Advances in neural information processing systems},
	pages={1-8},
	year={2012}
}
% pages={1097--1105},

@inproceedings{pix2pix-overview,
	title={Image-to-image translation with conditional adversarial networks},
	author={Isola, Phillip and Zhu, Jun-Yan and Zhou, Tinghui and Efros, Alexei A},
	booktitle={Proceedings of the IEEE conference on computer vision and pattern recognition},
	pages={1125--1134},
	year={2017}
}

@inproceedings{cnn-recomendation-system,
	title={Deep content-based music recommendation},
	author={Van den Oord, Aaron and Dieleman, Sander and Schrauwen, Benjamin},
	booktitle={Advances in neural information processing systems},
	pages={2643--2651},
	year={2013}
}

@inproceedings{cnn-nlp,
	title={A unified architecture for natural language processing: Deep neural networks with multitask learning},
	author={Collobert, Ronan and Weston, Jason},
	booktitle={Proceedings of the 25th international conference on Machine learning},
	pages={160--167},
	year={2008}
}

@article{cnn-neocognitron,
	title={Neocognitron: A hierarchical neural network capable of visual pattern recognition},
	author={Fukushima, Kunihiko},
	journal={Neural networks},
	volume={1},
	number={2},
	pages={119--130},
	year={1988},
	publisher={Elsevier}
}

@inproceedings{cnn-max-pooling,
	title={Evaluation of pooling operations in convolutional architectures for object recognition},
	author={Scherer, Dominik and M{\"u}ller, Andreas and Behnke, Sven},
	booktitle={International conference on artificial neural networks},
	pages={92--101},
	year={2010},
	organization={Springer}
}

@article{dnn-dropout,
	title={Dropout: a simple way to prevent neural networks from overfitting},
	author={Srivastava, Nitish and Hinton, Geoffrey and Krizhevsky, Alex and Sutskever, Ilya and Salakhutdinov, Ruslan},
	journal={The journal of machine learning research},
	volume={15},
	number={1},
	pages={1929--1958},
	year={2014},
	publisher={JMLR. org}
}

@inproceedings{gan-introduction,
	title={Generative adversarial nets},
	author={Goodfellow, Ian and Pouget-Abadie, Jean and Mirza, Mehdi and Xu, Bing and Warde-Farley, David and Ozair, Sherjil and Courville, Aaron and Bengio, Yoshua},
	booktitle={Advances in neural information processing systems},
	pages={2672--2680},
	year={2014}
}

@online{gan-stylegan,
	title={GAN 2.0: NVIDIA's Hyperrealistic Face Generator},
	author={SyncedReview.com},
	year={2018},
	medium={Электронный ресурс},
	url = {https://syncedreview.com/2018/12/14/gan-2-0-nvidias-hyperrealistic-face-generator/},
	urldate = {05.05.2020},
	language = {russian}
}

@inproceedings{gan-upscaling,
	title={Esrgan: Enhanced super-resolution generative adversarial networks},
	author={Wang, Xintao and Yu, Ke and Wu, Shixiang and Gu, Jinjin and Liu, Yihao and Dong, Chao and Qiao, Yu and Change Loy, Chen},
	booktitle={Proceedings of the European Conference on Computer Vision (ECCV)},
	pages={1--14},
	year={2018}
}

@CONFERENCE{jason-brownlee-gan,
	author       = {Jason Brownlee},
	title        = {Machine Learning Mastery},
	booktitle    = {Generative Adversarial Networks with Python},
	year         = {2019},
	pages        = {637},
	language     = {english}
}

@article{gan-conditional,
	title={Conditional generative adversarial nets},
	author={Mirza, Mehdi and Osindero, Simon},
	journal={arXiv preprint arXiv:1411.1784},
	year={2014},
	pages={1-6}
}

@article{hyperparamopt-overview,
	title={Hyperparameter search in machine learning},
	author={Claesen, Marc and De Moor, Bart},
	journal={arXiv preprint arXiv:1502.02127},
	year={2015},
	pages={1-3}
}

@article{hyperparamopt-random,
	title={Random search for hyper-parameter optimization},
	author={Bergstra, James and Bengio, Yoshua},
	journal={Journal of machine learning research},
	volume={13},
	number={Feb},
	pages={281--305},
	year={2012}
}

@article{prev-research-1,
	title={A simple generic attack on text captchas},
	author={Haichang, Gao and Jeff, Yan and Fang, Cao and Zhengya, Zhang and Lei, Lei and Mengyun, Tang},
	year={2016},
	pages={1-13}
}

@article{prev-research-2,
	title={Research on the security of microsoft’s two-layer captcha},
	author={Gao, Haichang and Tang, Mengyun and Liu, Yi and Zhang, Ping and Liu, Xiyang},
	journal={IEEE Transactions on Information Forensics and Security},
	volume={12},
	number={7},
	pages={1671--1685},
	year={2017},
	publisher={IEEE}
}

@inproceedings{prev-research-3,
	title={The robustness of hollow CAPTCHAs},
	author={Gao, Haichang and Wang, Wei and Qi, Jiao and Wang, Xuqin and Liu, Xiyang and Yan, Jeff},
	booktitle={Proceedings of the 2013 ACM SIGSAC conference on Computer \& communications security},
	pages={1075--1086},
	year={2013}
}

@inproceedings{prev-research-4,
	title={A three-way investigation of a game-CAPTCHA: automated attacks, relay attacks and usability},
	author={Mohamed, Manar and Sachdeva, Niharika and Georgescu, Michael and Gao, Song and Saxena, Nitesh and Zhang, Chengcui and Kumaraguru, Ponnurangam and Van Oorschot, Paul C and Chen, Wei-Bang},
	booktitle={Proceedings of the 9th ACM symposium on Information, computer and communications security},
	pages={195--206},
	year={2014}
}

@inproceedings{simgan-overview,
	title={Learning from simulated and unsupervised images through adversarial training},
	author={Shrivastava, Ashish and Pfister, Tomas and Tuzel, Oncel and Susskind, Joshua and Wang, Wenda and Webb, Russell},
	booktitle={Proceedings of the IEEE conference on computer vision and pattern recognition},
	pages={2107--2116},
	year={2017}
}

@online{pix2pix-framework,
	title={Image-to-image translation with conditional adversarial nets},
	author={phillipi},
	year={2017},
	medium={Электронный ресурс},
	url = {https://github.com/phillipi/pix2pix/},
	urldate = {05.05.2020},
	language = {russian}
}

@inproceedings{lenet-5-overview,
	title={Handwritten digit recognition with a back-propagation network},
	author={LeCun, Yann and Boser, Bernhard E and Denker, John S and Henderson, Donnie and Howard, Richard E and Hubbard, Wayne E and Jackel, Lawrence D},
	booktitle={Advances in neural information processing systems},
	pages={396--404},
	year={1990}
}

@inproceedings{resnet-overview,
	title={Deep residual learning for image recognition},
	author={He, Kaiming and Zhang, Xiangyu and Ren, Shaoqing and Sun, Jian},
	booktitle={Proceedings of the IEEE conference on computer vision and pattern recognition},
	pages={770--778},
	year={2016}
}

@inproceedings{inception-overview,
	title={Going deeper with convolutions},
	author={Szegedy, Christian and Liu, Wei and Jia, Yangqing and Sermanet, Pierre and Reed, Scott and Anguelov, Dragomir and Erhan, Dumitru and Vanhoucke, Vincent and Rabinovich, Andrew},
	booktitle={Proceedings of the IEEE conference on computer vision and pattern recognition},
	pages={1--9},
	year={2015}
}

@article{vgg-overview,
	title={Very deep convolutional networks for large-scale image recognition},
	author={Simonyan, Karen and Zisserman, Andrew},
	journal={arXiv preprint arXiv:1409.1556},
	year={2014}
}

@inproceedings{multidigits-stanford,
	title={MDig: Multi-digit Recognition using Convolutional Nerual Network on Mobile},
	author={Yang, Xuan and Pu, Jing},
	booktitle={Proc. Yang2015 MDigMR},
	pages={1--10},
	year={2015}
}

@inproceedings{sdnn-overview,
	title={Multi-digit recognition using a space displacement neural network},
	author={Matan, Ofer and Burges, Christopher JC and LeCun, Yann and Denker, John S},
	booktitle={Advances in neural information processing systems},
	pages={488--495},
	year={1992}
}

@online{kaggle-segmentation,
	title={Digit bounding box},
	author={Suhail Najeeb},
	year={2018},
	medium={Электронный ресурс},
	url = {https://www.kaggle.com/suhailnajeeb/digit-bounding-box},
	urldate = {05.05.2020},
	language = {russian}
}

@inproceedings{video-captcha,
	title={Balancing usability and security in a video CAPTCHA},
	author={Kluever, Kurt Alfred and Zanibbi, Richard},
	booktitle={Proceedings of the 5th Symposium on Usable Privacy and Security},
	pages={1--11},
	year={2009}
}

% ГОСТ Р 7.0.11-2011, Приложение Б, Книги
@BOOK{Sychev,
  author = {Сычёв, М. С.},
  title = {История Астраханского казачьего войска : учебное пособие},
  address = {Астрахань},
  publisher = {Волга},
  year = {2009},
  numpages = {231},
  language = {russian}
}

@BOOK{Sokolov,
  author = {Соколов, А. Н. and Сердобинцев, К. С.},
  editor = {Бочарова, В. М.},
  address = {Астрахань},
  publisher = {Калиниградский ЮИ МВД России},
  title = {Гражданское общество: проблемы формирования и развития (философский и юридический аспекты) : монография},
  year = {2009},
  numpages = {218},
  language = {russian}
}

@BOOK{Gaidaenko,
  author = {Гайдаенко, Т. А.},
  title = {Маркетинговое управление: принципы управленческих решений и российская практика},
  edition = {{}3-е изд, перераб. и доп.},
  address = {М.},
  publisher = {Эксмо: МИРБИС},
  year = {2008},
  numpages = {508},
  language = {russian}
}

@BOOK{Lermontov,
  author = {Лермонтов, Михаил Юрьевич},
  title = {Собрание сочинений: в 4 т.},
  address = {М.},
  publisher = {Терра-Кн. клуб},
  year = {2009},
  note = {4 т.},
  language = {russian}
}

@BOOK{Management,
  title = {Управление бизнесом : сборник статей},
  address = {Нижний новгород},
  publisher = {Изд-во Нижегородского университета},
  year = {2009},
  numpages = {243},
  language = {russian}
}

@BOOK{Borozda,
  author = {Борозда, И. В. and Воронин, Н. И. and Бушманов, А. В.},
  title = {Лечение сочетанных повреждений таза},
  address = {Владивосток},
  publisher = {Дальнаука},
  year = {2009},
  numpages = {195},
  language = {russian}
}

@BOOK{Marketing,
  author = {Михненков, О. В. and Коготкова, И. З. and Генкин, Е. В. and Сороко, Г. Я.},
  title = {Маркетинговые исследования в строительстве : учебное пособие для студентов специальности «Менеджмент организаций»},
  address = {М.},
  publisher = {Государственный университет управления},
  year = {2005},
  numpages = {59},
  language = {russian}
}

% ГОСТ Р 7.0.11-2011, Приложение Б, Нормативные правовые акты
@BOOK{Constitution,
  title = {Конституция Российской Федерации : офиц. текст.},
  address = {М.},
  publisher = {Маркетинг},
  year = {2001},
  numpages = {39},
  language = {russian}
}

@BOOK{FamilyCode,
  title = {Семейный кодекс Российской Федерации : [федер. закон: принят Гос. Думой 8 дек. 1995~г. : по состоянию на 3~янв. 2001~г.]},
  address = {СПб.},
  publisher = {Стаун-кантри},
  year = {2001},
  numpages = {94},
  language = {russian}
}

% ГОСТ Р 7.0.11-2011, Приложение Б, Стандарты
@BOOK{Gost.7.0.53,
  title = {ГОСТ Р 7.0.53-2007 Система стандартов по информации, библиотечному и издательскому делу. Издания. Международный стандартный книжный номер. Использование и издательское оформление.},
  address = {М.},
  publisher = {Стандартинформ},
  year = {2007},
  numpages = {5},
  language = {russian}
}

% ГОСТ Р 7.0.11-2011, Приложение Б, Депонированные научные работы
@BOOK{Razumovski,
  author = {Разумовский, В. А. and Андреев, Д. А.},
  title = {Управление маркетинговыми исследованиями в регионе},
  address = {М.},
  year = {2002},
  numpages = {210},
  note = {Деп. в ИНИОН Рос. акад. наук 15.02.02, № 139876},
  language = {russian}
}

% ГОСТ Р 7.0.11-2011, Приложение Б, Диссертации
@BOOK{Lagkueva,
  author = {Лагкуева, Ирина Владимировна},
  title = {Особенности регулирования труда творческих работников театров : дис. ... канд. юрид. наук : 12.00.05},
  address = {М.},
  year = {2009},
  numpages = {168},
  language = {russian}
}

@BOOK{Pokrovski,
  author = {Покровский, Андрей Владимирович},
  title = {Устранимые особенности решений эллиптических уравнений : дис. ... д-ра физ.-мат. наук : 01.01.01},
  address = {М.},
  year = {2008},
  numpages = {178},
  language = {russian}
}

% ГОСТ Р 7.0.11-2011, Приложение Б, Авторефераты диссертаций
@BOOK{Sirotko,
  author = {Сиротко, Владимир Викторович},
  title = {Медико-социальные аспекты городского травматизма в современных условиях : автореф. дис. ... канд. мед. наук : 14.00.33},
  address = {М.},
  year = {2006},
  numpages = {26},
  language = {russian}
}

% !!! этот пример НЕ работает с bibtex
% Тот же пример, с использованием https://www.ctan.org/pkg/biblatex-gost
@THESIS{Sirotko2,
  author =       {Сиротко, Владимир Викторович},
  title =        {Медико-социальные аспекты городского травматизма в современных условиях},
  media =        {text},
  type =         {phdautoref},
  science =      {мед. наук},
  specialitycode ={14.00.33},
  address =      {М.},
  year =         {2006},
  pagetotal =    {26},
  language =     {russian},
}

@BOOK{Lukina,
  author = {Лукина, Валентина Александровна},
  title = {Творческая история «Записок охотника» И. С. Тургенева : автореф. дис. ... канд. филол. наук : 10.01.01},
  address = {СПб.},
  year = {2006},
  numpages = {26},
  language = {russian}
}

% !!! этот пример НЕ работает с bibtex
% Тот же пример, с использованием https://www.ctan.org/pkg/biblatex-gost
@THESIS{Lukina2,
  author =       {Лукина, Валентина Александровна},
  title =        {Творческая история «Записок охотника» И. С. Тургенева},
  media =        {text},
  type =         {phdautoref},
  science =      {филол. наук},
  specialitycode ={10.01.01},
  address =      {СПб.},
  year =         {2006},
  pagetotal =    {26},
  language =     {russian},
}

% ГОСТ Р 7.0.11-2011, Приложение Б, Отчёты о научно-исследовательской работе
@BOOK{Methodology,
  author = {Загорюев, А. Л.},
  title = {Методология и методы изучения военно-профессиональной направленности подростков : отчёт о НИР},
  address = {Екатеринбург},
  institution = {Уральский институт практической психологии},
  year = {2008},
  numpages = {102},
  language = {russian}
}

% ГОСТ Р 7.0.11-2011, Приложение Б, Электронные ресурсы
@BOOK{Encyclopedia,
  title = {Художественная энциклопедия зарубежного классического искусства [Электронный ресурс]},
  address = {М.},
  publisher = {Большая Рос. энкцикл.},
  year = {1996},
  note = {1 электрон. опт. диск (CD-ROM)},
  language = {russian}
}

% !!! этот пример НЕ работает с bibtex
% Тот же пример, с использованием https://www.ctan.org/pkg/biblatex-gost
@BOOK{Encyclopedia2,
  title = {Художественная энциклопедия зарубежного классического искусства},
  address = {М.},
  media = {eresource},
  publisher = {Большая Рос. энкцикл.},
  year = {1996},
  note = {1 электрон. опт. диск (CD-ROM)},
  language = {russian},
}

@ARTICLE{Nasirova,
  author = {Насырова, Г. А.},
  title = {Модели государственного регулирования страховой деятельности [Электронный ресурс]},
  journal = {Вестник Финансовой академии},
  year = {2003},
  media = {eresource},
  number = {4},
  note = {Режим доступа: http://vestnik.fa.ru/4(28)2003/4.html},
  language = {russian}
}

% ГОСТ Р 7.0.11-2011, Приложение Б, Статьи

@ARTICLE{Berestova,
  author = {Берестова, Т. Ф.},
  title = {Поисковые инструменты библиотеки},
  journal = {Библиография},
  year = {2006},
  number = {4},
  pages = {19},
  language = {russian}
}

@ARTICLE{Kriger,
  author = {Кригер, И.},
  title =  {Бумага терпит},
  journal = {Новая газета},
  year = {2009},
  note = {1 июля},
  language = {russian}
}


% Examples from https://verbosus.com/bibtex-style-examples.html
@ARTICLE{Article,
  author   = {Peter Adams},
  title    = {The title of the work},
  journal  = {The name of the journal},
  year     = {1993},
  number   = {2},
  pages    = {201-213},
  month    = {7},
  note     = {An optional note},
  volume   = {4},
  language = {english}
}

@BOOK{Book,
  author    = {Peter Babington},
  title     = {The title of the work},
  publisher = {The name of the publisher},
  year      = {1993},
  volume    = {4},
  series    = {10},
  address   = {The address},
  edition   = {3},
  month     = {7},
  note      = {An optional note},
  isbn      = {3257227892},
  language  = {english}
}

@BOOKLET{Booklet,
  title        = {The title of the work},
  author       = {Peter Caxton},
  howpublished = {How it was published},
  address      = {The address of the publisher},
  month        = {7},
  year         = {1993},
  note         = {An optional note},
  language     = {english}
}

@CONFERENCE{Conference,
  author       = {Peter Draper},
  title        = {The title of the work},
  booktitle    = {The title of the book},
  year         = {1993},
  editor       = {The editor},
  volume       = {4},
  series       = {5},
  pages        = {213},
  address      = {The address of the publisher},
  month        = {7},
  organization = {The organization},
  publisher    = {The publisher},
  note         = {An optional note},
  language     = {english}
}

@INBOOK{Inbook,
  author       = {Peter Eston},
  title        = {The title of the work},
  booktitle    = {Book title},
  chapter      = {8},
  pages        = {201-213},
  publisher    = {The name of the publisher},
  year         = {1993},
  volume       = {4},
  series       = {5},
  address      = {The address of the publisher},
  edition      = {3},
  month        = {7},
  note         = {An optional note},
  language     = {english}
}

@INCOLLECTION{Incollection,
  author       = {Peter Farindon},
  title        = {The title of the work},
  booktitle    = {The title of the book},
  publisher    = {The name of the publisher},
  year         = {1993},
  editor       = {The editor},
  volume       = {4},
  series       = {5},
  chapter      = {8},
  pages        = {201-213},
  address      = {The address of the publisher},
  edition      = {3},
  month        = {7},
  note         = {An optional note},
  language     = {english}
}

@MANUAL{Manual,
  title        = {The title of the work},
  author       = {Peter Gainsford},
  organization = {The organization},
  address      = {The address of the publisher},
  edition      = {3},
  month        = {7},
  year         = {1993},
  note         = {An optional note},
  language     = {english}
}

@MASTERSTHESIS{Mastersthesis,
  author       = {Peter Harwood},
  title        = {The title of the work},
  school       = {The school where the thesis was written},
  year         = {1993},
  address      = {The address of the publisher},
  month        = {7},
  note         = {An optional note},
  language     = {english}
}

@MISC{Misc,
  author       = {Peter Isley},
  title        = {The title of the work},
  howpublished = {How it was published},
  month        = {7},
  year         = {1993},
  note         = {An optional note},
  language     = {english}
}

@PHDTHESIS{Phdthesis,
  author       = {Peter Joslin},
  title        = {The title of the work},
  school       = {The school where the thesis was written},
  year         = {1993},
  address      = {The address of the publisher},
  month        = {7},
  note         = {An optional note},
  language     = {english}
}

@PROCEEDINGS{Proceedings,
  title        = {The title of the work},
  year         = {1993},
  editor       = {Peter Kidwelly},
  volume       = {4},
  series       = {5},
  address      = {The address of the publisher},
  month        = {7},
  organization = {The organization},
  publisher    = {The name of the publisher},
  note         = {An optional note},
  language     = {english}
}

@TECHREPORT{Techreport,
  author       = {Peter Lambert},
  title        = {The title of the work},
  institution  = {The institution that published},
  year         = {1993},
  number       = {2},
  address      = {The address of the publisher},
  month        = {7},
  note         = {An optional note},
  language     = {english}
}

@UNPUBLISHED{Unpublished,
  author       = {Peter Marcheford},
  title        = {The title of the work},
  note         = {An optional note},
  month        = {7},
  year         = {1993},
  language     = {english}
}

%%% Реальные примеры

% Инициалы должны быть записаны после запятой, с точками, через пробел
% http://www.kit-e.ru/articles/elcomp/2006_12_124.php
% Подчёркивания в ссылке приходится экранировать
% http://www.kit-e.ru/articles/elcomp/2006\_12\_124.php
@online{medvedev2006jelektronnye,
  title={Электронные компоненты и монтажные подложки},
  author={Медведев, А. М.},
  journal={Компоненты и технологии},
  number={12},
  pages={124--134},
  year={2006},
  medium={Электронный ресурс},
  url = {http://www.kit-e.ru/articles/elcomp/2006\_12\_124.php},
  urldate = {19.01.2015},
  language = {russian}
}

% Real example
% & в названии журнала надо экранировать
% 10.1002/1521-4125(200007)23:7<581::AID-CEAT581>3.0.CO;2-P
% < > в ссылке приходится экранировать %3C и %3E, а потом ещё знаки процента в них экранировать
% 10.1002/1521-4125(200007)23:7%3C581::AID-CEAT581%3E3.0.CO;2-P
% 10.1002/1521-4125(200007)23:7\%3C581::AID-CEAT581\%3E3.0.CO;2-P
% url не нужен. если запись о бумажной публикации
@article {CEAT:CEAT581,
  author = {Deiters, U. K.},
  title = {A Modular Program System for the Calculation of Thermodynamic Properties of Fluids},
  journal = {Chemical Engineering \& Technology},
  volume = {23},
  number = {7},
  publisher = {WILEY-VCH Verlag},
  issn = {1521-4125},
  doi = {10.1002/1521-4125(200007)23:7<581::AID-CEAT581>3.0.CO;2-P},
  pages = {581--584},
  year = {2000},
  language = {english}
}

% Real with  4 authors
@article{doi:10.1080/01932691.2010.513279,
  author = {Young-Sang Cho and Young Kuk Kim and Kook Chae Chung and Chul Jin Choi },
  title = {Deformation of Colloidal Crystals for Photonic Band Gap Tuning},
  journal = {Journal of Dispersion Science and Technology},
  volume = {32},
  number = {10},
  pages = {1408-1415},
  year = {2011},
  doi = {10.1080/01932691.2010.513279},
  language = {english}
}

% doi with (), author with umlaut or other unicode or specific symbols, 9 authors
% latex don't like Gösele1999161 in ref
% Умляуты в авторах понимаются из-за поддержки в юникодной странице pdflatex и xelatex
% Иллюстрация того, что будет. если на английской записи будут поставлена пометка, что язык русский
@article{Gosele1999161,
  title = "Wafer bonding for microsystems technologies",
  journal = "Sensors and Actuators A: Physical",
  volume = "74",
  number = "1–3",
  pages = "161 - 168",
  year = "1999",
  issn = "0924-4247",
  doi = "10.1016/S0924-4247(98)00310-0",
  author = "Gösele, U. and Tong, Q.-Y. and Schumacher, A. and Kräuter, G. and Reiche, M. and Plößl, A. and Kopperschmidt, P. and Lee, T.-H. and Kim, W.-J.",
  keywords = "Wafer bonding",
  keywords = "Fusion bonding",
  keywords = "Pressure sensors",
  keywords = "Interface reactions",
  keywords = "Hydrophilic bonding",
  keywords = "Hydrophobic bonding",
  language = {russian}
}

% Real example (from Google or Springer)
% unmodified styles don't know %language = {English}
% язык писать с маленьких
% иллюстрация incollection
% 10.1007/0-387-32989-7_45
% Подчёркивания в DOI приходится экранировать
% 10.1007/0-387-32989-7\_45
@incollection{Li2007StressAnalysis,
  year={2007},
  isbn={978-0-387-27974-9},
  booktitle={Micro- and Opto-Electronic Materials and Structures: Physics, Mechanics, Design, Reliability, Packaging},
  editor={Suhir, E. and Lee, Y. C. and Wong, C. P.},
  doi={10.1007/0-387-32989-7_45},
  title={Stress Analysis for Processed Silicon Wafers and Packaged Micro-devices},
  publisher={Springer US},
  author={Li, Li and Guo, Yifan and Zheng, Dawei},
  pages={B677-B709},
  language={english}
}

% Real, β sign
% inputenc don't know β sign %aluminosilicate-β-quartz
% Знаки типа β, которые не знает таблица кодировки, с которой работает компилятор нужно заменять на latex команды
% doi должен быть без http://dx.doi.org/
@article{Shoji199895,
title = "Low-temperature anodic bonding using lithium aluminosilicate-\(\beta\)-quartz glass ceramic",
journal = "Sensors and Actuators A: Physical",
volume = "64",
number = "1",
pages = "95 - 100",
year = "1998",
note = "Tenth {IEEE} International Workshop on Micro Electro Mechanical Systems ",
issn = "0924-4247",
doi = "10.1016/S0924-4247(97)01659-2",
author = {Shuichi Shoji and Hiroto Kikuchi and Hirotaka Torigoe},
keywords = "Anodic bonding",
keywords = "Low-temperature bonding",
keywords = "Micro assembly",
keywords = "Micro package",
keywords = "Glass ceramic",
}


% from urlbst package
% Example from Jason Eisner, by mail (nothing special about the entry,
% but he seemed to be having formatting problems with unsrturl and proceedings
% entries.
% http://cs.jhu.edu/~jason/papers/#icassp07
@InProceedings{test:eisner-sample,
  author =       {Damianos Karakos and Sanjeev Khudanpur and Jason
                  Eisner and Carey~E. Priebe},
  title =        {Iterative denoising using {J}ensen-{R}enyi
                  divergences with an application to unsupervised
                  document categorization},
  booktitle =    {Proceedings of ICASSP},
  year =         2007,
  url =          {http://cs.jhu.edu/~jason/papers/\#icassp07}
}

@InProceedings{test:eisner-sample-shorted,
  author =       {Damianos Karakos and Sanjeev Khudanpur and Jason
                  Eisner and Carey~E. Priebe},
  title =        {Iterative denoising using {J}ensen-{R}enyi
                  divergences with an application to unsupervised
                  document categorization},
  booktitle =    {Proceedings of ICASSP},
  shortbooktitle = {Proc. of ICASSP},
  year =         2007,
  url =          {http://cs.jhu.edu/~jason/papers/\#icassp07}
}

% Попытка записать патент имеющимися средствами
@Book{iofis_patent1960,
  title                    = {Способ пайки керамики с~керамикой и~стекла с~металлом : а.\,с.~126728 СССР},
  author                   = {Иофис, Н. А.},
  year                     = {1960},
  numpages                 = {Бюл. № 5.~1},
  language                 = {russian}
}

% Попытка записать патент имеющимися средствами
@Book{AB_patent_Pomerantz_1968,
  title                    = {Anodic bonding : patent no. 3397278 US},
  author                   = {Pomerantz, D. I.},
  year                     = {1968},
  language                 = {english}
}

% !!! этот пример НЕ работает с bibtex
% Примеры оформления патентов из пакета https://www.ctan.org/pkg/biblatex-gost
@Patent{patent2h,
  heading =      {Заявка 1095735 Рос. федерация, МПК\ensuremath{^7} B 64 G 1/00},
  author =       {Тернер, Э. В.},
  authortype =   {США},
  title =        {Одноразовая ракета-носитель},
  media =        {text},
  holder =       {{заявитель Спейс Системз/Лорал, инк.}},
  credits =      {патент. поверенный Егорова Г. Б.},
  reqnumber =    {2000108705/28},
  date =         {2000-04-07},
  publdate =     {2001-03-10},
  publication =  {Бюл. № 7 (I ч.)\midsentence},
  prdate =       {1999-04-09},
  prnumber =     {09/289, 037},
  prcountry =    {countryus},
  pagetotal =    {5 с.~: ил.},
  language =     {russian},
}

@Patent{patent3h,
  heading =      {А. с. 1007970 СССР, МКИ\ensuremath{^3} В 25.1 15/00},
  author =       {В. С. Ваулин and В. Г. Кемайкин},
  authortype =   {СССР},
  title =        {Устройство для захвата неориентированных деталей типа валов},
  media =        {text},
  reqnumber =    {3360585/25-08},
  date =         {1981-11-23},
  publication =  {Бюл. № 12},
  publdate =     {1983-03-30},
  pagetotal =    {2 с.~: ил.},
  language =     {russian},
}

@Patent{patent2,
  author =       {Тернер, Э. В.},
  authortype =   {США},
  title =        {Одноразовая ракета-носитель},
  media =        {text},
  type =         {patreq},
  number =       1095735,
  location =     {countryru},
  ipc =          {МПК\ensuremath{^7} B 64 G 1/00},
  holder =       {{заявитель Спейс Системз/Лорал, инк.}},
  credits =      {патент. поверенный Егорова Г. Б.},
  reqnumber =    {2000108705/28},
  date =         {2000-04-07},
  publdate =     {2001-03-10},
  publication =  {Бюл. № 7 (I ч.)\midsentence},
  prioritydate = {1999-04-09},
  prioritynumber ={09/289, 037},
  prioritycountry ={countryus},
  pagetotal =    {5 с.~: ил.},
  language =     {russian},
}
